<?xml version="1.0" encoding="UTF-8"?><collection xmlns="http://www.loc.gov/MARC21/slim"><record><leader>00358nam--2200145-i-4500</leader><controlfield tag="001">000017938</controlfield><controlfield tag="002">20161230</controlfield><controlfield tag="005">20170128145353</controlfield><controlfield tag="008">060222s1000------------r-----000-0-eng-d</controlfield><datafield ind1=" " ind2=" " tag="100"><subfield code="a">Fisher, D. H</subfield></datafield><datafield ind1=" " ind2=" " tag="245"><subfield code="a">V.H.F. television tuners</subfield></datafield><datafield ind1=" " ind2=" " tag="260"><subfield code="a">London</subfield><subfield code="b">Heywood &amp; Comp</subfield><subfield code="c">1956</subfield></datafield><datafield ind1=" " ind2=" " tag="300"><subfield code="a">136 p. + 1 Plansa</subfield></datafield><datafield ind1=" " ind2=" " tag="852"><subfield code="a">11842</subfield></datafield><datafield ind1=" " ind2=" " tag="CAT"><subfield code="a">SYS</subfield><subfield code="c">20170128</subfield><subfield code="h">145353</subfield></datafield></record></collection>